[gd_scene load_steps=36 format=2]

[ext_resource path="res://Assets/Images/tiles/bordercrate.png" type="Texture" id=1]
[ext_resource path="res://Assets/Images/tiles/bottom.png" type="Texture" id=2]
[ext_resource path="res://Assets/Images/tiles/circuitwall.png" type="Texture" id=3]
[ext_resource path="res://Assets/Images/tiles/leftpng.png" type="Texture" id=4]
[ext_resource path="res://Assets/Images/tiles/switch.png" type="Texture" id=5]
[ext_resource path="res://Assets/Images/tiles/switchpressed.png" type="Texture" id=6]
[ext_resource path="res://Assets/Images/tiles/tile01.png" type="Texture" id=7]
[ext_resource path="res://Assets/Images/tiles/tile02.png" type="Texture" id=8]
[ext_resource path="res://Assets/Images/tiles/tile03.png" type="Texture" id=9]
[ext_resource path="res://Assets/Images/tiles/tile04.png" type="Texture" id=10]
[ext_resource path="res://Assets/Images/tiles/tile05.png" type="Texture" id=11]
[ext_resource path="res://Assets/Images/tiles/tile06.png" type="Texture" id=12]
[ext_resource path="res://Assets/Images/tiles/tile07.png" type="Texture" id=13]
[ext_resource path="res://Assets/Images/tiles/tile08.png" type="Texture" id=14]
[ext_resource path="res://Assets/Images/tiles/tile09.png" type="Texture" id=15]
[ext_resource path="res://Assets/Images/tiles/tile10.png" type="Texture" id=16]
[ext_resource path="res://Assets/Images/tiles/tile11.png" type="Texture" id=17]
[ext_resource path="res://Assets/Images/tiles/tile12.png" type="Texture" id=18]
[ext_resource path="res://Assets/Images/tiles/tile13.png" type="Texture" id=19]
[ext_resource path="res://Assets/Images/tiles/tile14.png" type="Texture" id=20]
[ext_resource path="res://Assets/Images/tiles/tile15.png" type="Texture" id=21]
[ext_resource path="res://Assets/Images/tiles/tile16.png" type="Texture" id=22]
[ext_resource path="res://Assets/Images/tiles/tile17.png" type="Texture" id=23]
[ext_resource path="res://Assets/Images/tiles/tile18.png" type="Texture" id=24]
[ext_resource path="res://Assets/Images/tiles/tile19.png" type="Texture" id=25]
[ext_resource path="res://Assets/Images/tiles/tile20.png" type="Texture" id=26]
[ext_resource path="res://Assets/Images/tiles/topcrate.png" type="Texture" id=27]
[ext_resource path="res://Assets/Images/tiles/verticalcrate.png" type="Texture" id=28]
[ext_resource path="res://Assets/Images/tiles/void.png" type="Texture" id=29]
[ext_resource path="res://Assets/Images/tiles/wall.png" type="Texture" id=30]
[ext_resource path="res://Assets/Images/tiles/walllight2.png" type="Texture" id=31]
[ext_resource path="res://Assets/Images/tiles/walllight.png" type="Texture" id=32]
[ext_resource path="res://Assets/Images/tiles/wallpanel.png" type="Texture" id=33]
[ext_resource path="res://Assets/Images/tiles/wallshadow.png" type="Texture" id=34]
[ext_resource path="res://Assets/Images/tiles/walltorch.png" type="Texture" id=35]

[node name="TileSet" type="Node" index="0"]

[node name="bordercrate" type="Sprite" parent="." index="0"]

position = Vector2( 62.1609, 223.638 )
texture = ExtResource( 1 )

[node name="bottom" type="Sprite" parent="." index="1"]

position = Vector2( 62.1609, 223.638 )
texture = ExtResource( 2 )

[node name="circuitwall" type="Sprite" parent="." index="2"]

position = Vector2( 62.1609, 223.638 )
texture = ExtResource( 3 )

[node name="leftpng" type="Sprite" parent="." index="3"]

position = Vector2( 62.1609, 223.638 )
texture = ExtResource( 4 )

[node name="switch" type="Sprite" parent="." index="4"]

position = Vector2( 62.1609, 223.638 )
texture = ExtResource( 5 )

[node name="switchpressed" type="Sprite" parent="." index="5"]

position = Vector2( 62.1609, 223.638 )
texture = ExtResource( 6 )

[node name="tile01" type="Sprite" parent="." index="6"]

position = Vector2( 62.1609, 223.638 )
texture = ExtResource( 7 )

[node name="tile02" type="Sprite" parent="." index="7"]

position = Vector2( 62.1609, 223.638 )
texture = ExtResource( 8 )

[node name="tile03" type="Sprite" parent="." index="8"]

position = Vector2( 62.1609, 223.638 )
texture = ExtResource( 9 )

[node name="tile04" type="Sprite" parent="." index="9"]

position = Vector2( 62.1609, 223.638 )
texture = ExtResource( 10 )

[node name="tile05" type="Sprite" parent="." index="10"]

position = Vector2( 62.1609, 223.638 )
texture = ExtResource( 11 )

[node name="tile06" type="Sprite" parent="." index="11"]

position = Vector2( 62.1609, 223.638 )
texture = ExtResource( 12 )

[node name="tile07" type="Sprite" parent="." index="12"]

position = Vector2( 62.1609, 223.638 )
texture = ExtResource( 13 )

[node name="tile08" type="Sprite" parent="." index="13"]

position = Vector2( 62.1609, 223.638 )
texture = ExtResource( 14 )

[node name="tile09" type="Sprite" parent="." index="14"]

position = Vector2( 62.1609, 223.638 )
texture = ExtResource( 15 )

[node name="tile10" type="Sprite" parent="." index="15"]

position = Vector2( 62.1609, 223.638 )
texture = ExtResource( 16 )

[node name="tile11" type="Sprite" parent="." index="16"]

position = Vector2( 62.1609, 223.638 )
texture = ExtResource( 17 )

[node name="tile12" type="Sprite" parent="." index="17"]

position = Vector2( 62.1609, 223.638 )
texture = ExtResource( 18 )

[node name="tile13" type="Sprite" parent="." index="18"]

position = Vector2( 62.1609, 223.638 )
texture = ExtResource( 19 )

[node name="tile14" type="Sprite" parent="." index="19"]

position = Vector2( 62.1609, 223.638 )
texture = ExtResource( 20 )

[node name="tile15" type="Sprite" parent="." index="20"]

position = Vector2( 62.1609, 223.638 )
texture = ExtResource( 21 )

[node name="tile16" type="Sprite" parent="." index="21"]

position = Vector2( 62.1609, 223.638 )
texture = ExtResource( 22 )

[node name="tile17" type="Sprite" parent="." index="22"]

position = Vector2( 62.1609, 223.638 )
texture = ExtResource( 23 )

[node name="tile18" type="Sprite" parent="." index="23"]

position = Vector2( 62.1609, 223.638 )
texture = ExtResource( 24 )

[node name="tile19" type="Sprite" parent="." index="24"]

position = Vector2( 62.1609, 223.638 )
texture = ExtResource( 25 )

[node name="tile20" type="Sprite" parent="." index="25"]

position = Vector2( 62.1609, 223.638 )
texture = ExtResource( 26 )

[node name="topcrate" type="Sprite" parent="." index="26"]

position = Vector2( 62.1609, 223.638 )
texture = ExtResource( 27 )

[node name="verticalcrate" type="Sprite" parent="." index="27"]

position = Vector2( 62.1609, 223.638 )
texture = ExtResource( 28 )

[node name="void" type="Sprite" parent="." index="28"]

position = Vector2( 62.1609, 223.638 )
texture = ExtResource( 29 )

[node name="wall" type="Sprite" parent="." index="29"]

position = Vector2( 62.1609, 223.638 )
texture = ExtResource( 30 )

[node name="walllight2" type="Sprite" parent="." index="30"]

position = Vector2( 62.1609, 223.638 )
texture = ExtResource( 31 )

[node name="walllight" type="Sprite" parent="." index="31"]

position = Vector2( 62.1609, 223.638 )
texture = ExtResource( 32 )

[node name="wallpanel" type="Sprite" parent="." index="32"]

position = Vector2( 62.1609, 223.638 )
texture = ExtResource( 33 )

[node name="wallshadow" type="Sprite" parent="." index="33"]

position = Vector2( 62.1609, 223.638 )
texture = ExtResource( 34 )

[node name="walltorch" type="Sprite" parent="." index="34"]

position = Vector2( 62.1609, 223.638 )
texture = ExtResource( 35 )


